@inproceedings{balasch2010pretp,
  title={PrETP: Privacy-Preserving Electronic Toll Pricing.},
  author={Balasch, Josep and Rial, Alfredo and Troncoso, Carmela and Preneel, Bart and Verbauwhede, Ingrid and Geuens, Christophe},
  booktitle={USENIX Security Symposium},
  volume={10},
  pages={63--78},
  year={2010}
}

@article{dalu2012aetc,
  title={AETC: an automated electronic toll collection using zigbee},
  author={Dalu, S},
  journal={International Journal of Information Technology and Knowledge Management},
  volume={5},
  number={1},
  pages={1--3},
  year={2012}
}

@inproceedings{checkoway2011comprehensive,
  title={Comprehensive Experimental Analyses of Automotive Attack Surfaces.},
  author={Checkoway, Stephen and McCoy, Damon and Kantor, Brian and Anderson, Danny and Shacham, Hovav and Savage, Stefan and Koscher, Karl and Czeskis, Alexei and Roesner, Franziska and Kohno, Tadayoshi and others},
  booktitle={USENIX Security Symposium},
  year={2011},
  organization={San Francisco}
}

@inproceedings{ishtiaq2010security,
  title={Security and privacy vulnerabilities of in-car wireless networks: A tire pressure monitoring system case study},
  author={Ishtiaq Roufa, Rob Millerb and Mustafaa, Hossen and Travis Taylora, Sangho Ohb and Xua, Wenyuan and Gruteserb, Marco and Trappeb, Wade and Seskarb, Ivan},
  booktitle={19th USENIX Security Symposium, Washington DC},
  pages={11--13},
  year={2010}
}

@inproceedings{bloom2017self,
  title={Self-driving cars and data collection: Privacy perceptions of networked autonomous vehicles},
  author={Bloom, Cara and Tan, Joshua and Ramjohn, Javed and Bauer, Lujo},
  booktitle={Symposium on Usable Privacy and Security (SOUPS)},
  year={2017}
}

@inproceedings{garip2015congestion,
  title={Congestion attacks to autonomous cars using vehicular botnets},
  author={Garip, Mevlut Turker and Gursoy, Mehmet Emre and Reiher, Peter and Gerla, Mario},
  booktitle={NDSS Workshop on Security of Emerging Networking Technologies (SENT), San Diego, CA},
  year={2015}
}

@article{d2012guest,
  title={Guest editorial: A revolution in the warehouse: A retrospective on kiva systems and the grand challenges ahead},
  author={D'Andrea, Raffaello},
  journal={IEEE Transactions on Automation Science and Engineering},
  volume={9},
  number={4},
  pages={638--639},
  year={2012},
  publisher={IEEE}
}

@article{turkmen2017formal,
  title={Formal analysis of XACML policies using SMT},
  author={Turkmen, Fatih and den Hartog, Jerry and Ranise, Silvio and Zannone, Nicola},
  journal={Computers \& Security},
  volume={66},
  pages={185--203},
  year={2017},
  publisher={Elsevier}
}

@article{postel1983tcp,
  title={The TCP maximum segment size and related topics},
  author={Postel, Jon},
  year={1983}
}

@article{postel1988standard,
  title={Standard for the transmission of IP datagrams over IEEE 802 networks},
  author={Postel, Jon and Reynolds, Joyce K},
  year={1988}
}

@article{wu2012cost,
  title={A cost-effective strategy for road-side unit placement in vehicular networks},
  author={Wu, Tsung-Jung and Liao, Wanjiun and Chang, Chung-Ju},
  journal={IEEE Transactions on Communications},
  volume={60},
  number={8},
  pages={2295--2303},
  year={2012},
  publisher={IEEE}
}

@article{kopardekar2014unmanned,
  title={Unmanned aerial system (UAS) traffic management (UTM): Enabling low-altitude airspace and UAS operations},
  author={Kopardekar, Parimal H},
  year={2014}
}

@misc{ARTINALI,
	author = "Maryam Raiyat Aliabadi",
	title = "ARTINALI GitHub page",
	url = "https://github.com/DependableSystemsLab/Artinali",
}


@misc{faa,
  author = "Federal Aviation Administration (FAA)",
  year = "2017",
  month = "July",
  title = "The rules for operating an unmanned aircraft system.",
  lastaccessed = "October 24, 2017",
  url = "https://www.faa.gov/uas/getting_started/",
}

@inproceedings{jung2011privacy,
  title={Privacy enabled web service access control using SAML and XACML for home automation gateways},
  author={Jung, Markus and Kienesberger, Georg and Granzer, Wolfgang and Unger, Martin and Kastner, Wolfgang},
  booktitle={Internet Technology and Secured Transactions (ICITST), 2011 International Conference for},
  pages={584--591},
  year={2011},
  organization={IEEE}
}

@inproceedings{jahid2009enhancing,
  title={Enhancing database access control with xacml policy},
  author={Jahid, Sonia and Hoque, Imranul and Okhravi, Hamed and Gunter, Carl A},
  booktitle={Proceedings of the ACM Conference on Computer and Communications Security (CCS)},
  pages={130--133},
  year={2009}
}

@article{sandhu1996role,
  title={Role-based access control models},
  author={Sandhu, Ravi S and Coyne, Edward J and Feinstein, Hal L and Youman, Charles E},
  journal={Computer},
  volume={29},
  number={2},
  pages={38--47},
  year={1996},
  publisher={IEEE}
}

@misc{standard2005extensible,
  title={extensible access control markup language (xacml) version 2.0},
  author={Standard, OASIS},
  journal={2008. http://docs. oasis—open. or\~{}/xacmmL2. 0/access\_ control-xacml-2. 0 一 core{\textperiodcentered} spec—OS. pa1},
  year={2005}
}

@article{wang2005protocols,
  title={Protocols and applications of ad-hoc robot wireless communication networks: An overview},
  author={Wang, Zhigang and Liu, Lichuan and Zhou, MengChu},
  journal={future},
  volume={10},
  pages={20},
  year={2005}
}

@article{van2015embedding,
  title={Embedding Ethics in System Administration Education},
  author={van der Ham, Jeroen and others},
  journal={The USENIX Journal of Education in System Administration},
  volume={1},
  number={1},
  pages={1--9},
  year={2015}
}

@inproceedings{won2015secure,
  title={A secure communication protocol for drones and smart objects},
  author={Won, Jongho and Seo, Seung-Hyun and Bertino, Elisa},
  booktitle={Proceedings of the 10th ACM Symposium on Information, Computer and Communications Security},
  pages={249--260},
  year={2015},
  organization={ACM}
}

@article{momont5ambulance,
  title={Ambulance Drone},
  author={Momont, Alec},
  journal={TUDelft University of Technology,[Online]. Available: http://www. io. tudelft. nl/onderzoek/delft-designlabs/applied-labs/ambulance-drone/.[Accessed 5 February 2017]}
}

@inproceedings{jiang2008ieee,
  title={IEEE 802.11 p: Towards an international standard for wireless access in vehicular environments},
  author={Jiang, Daniel and Delgrossi, Luca},
  booktitle={Vehicular Technology Conference, 2008. VTC Spring 2008. IEEE},
  pages={2036--2040},
  year={2008},
  organization={IEEE}
}

@article{evans2011internet,
  title={The internet of things: How the next evolution of the internet is changing everything},
  author={Evans, Dave},
  journal={CISCO white paper},
  volume={1},
  number={2011},
  pages={1--11},
  year={2011}
}

@article{kreutz2015software,
  title={Software-defined networking: A comprehensive survey},
  author={Kreutz, Diego and Ramos, Fernando MV and Verissimo, Paulo Esteves and Rothenberg, Christian Esteve and Azodolmolky, Siamak and Uhlig, Steve},
  journal={Proceedings of the IEEE},
  volume={103},
  number={1},
  pages={14--76},
  year={2015},
  publisher={IEEE}
}

@techreport{bormann2014terminology,
  title={Terminology for constrained-node networks},
  author={Bormann, Carsten and Ersue, Mehmet and Keranen, A},
  year={2014}
}

@phdthesis{sarr2007estimating,
  title={Estimating average end-to-end delays in IEEE 802.11 multihop wireless networks},
  author={Sarr, Cheikh and Gu{\'e}rin-Lassous, Isabelle},
  year={2007},
  school={INRIA}
}

@inproceedings{vaidya2015mind,
  title={Mind Your (R,$\backslash$varPhi) s: Location-Based Privacy Controls for Consumer Drones},
  author={Vaidya, Tavish and Sherr, Micah},
  booktitle={Cambridge International Workshop on Security Protocols},
  pages={80--90},
  year={2015},
  organization={Springer}
}

@article{miorandi2012internet,
  title={Internet of things: Vision, applications and research challenges},
  author={Miorandi, Daniele and Sicari, Sabrina and De Pellegrini, Francesco and Chlamtac, Imrich},
  journal={Ad Hoc Networks},
  volume={10},
  number={7},
  pages={1497--1516},
  year={2012},
  publisher={Elsevier}
}

@inproceedings{castellani2012http,
  title={HTTP-CoAP cross protocol proxy: an implementation viewpoint},
  author={Castellani, Angelo P and Fossati, Thomas and Loreto, Salvatore},
  booktitle={Mobile Adhoc and Sensor Systems (MASS), 2012 IEEE 9th International Conference On},
  pages={1--6},
  year={2012},
  organization={IEEE}
}

@inproceedings{lerche2012industry,
  title={Industry adoption of the Internet of Things: A constrained application protocol survey},
  author={Lerche, Christian and Hartke, Klaus and Kovatsch, Matthias},
  booktitle={Emerging Technologies \& Factory Automation (ETFA), 2012 IEEE 17th Conference On},
  pages={1--6},
  year={2012},
  organization={IEEE}
}

@article{bormann2012coap,
  title={Coap: An application protocol for billions of tiny internet nodes},
  author={Bormann, Carsten and Castellani, Angelo P and Shelby, Zach},
  journal={IEEE Internet Computing},
  volume={16},
  number={2},
  pages={62--67},
  year={2012},
  publisher={IEEE}
}

@misc{nasa,
  author =       "National Aeronautics and Space Administration",
  year =         "2017",
  month 	= aug,
  title =        "Unmanned Aircraft System (UAS) Traffic Management (UTM) ",
  lastaccessed = "August 25, 2017",
  url =          "https://utm.arc.nasa.gov/",
}


@misc{forbes,
  author =       "forbes.com",
  year =         "2017",
  month 	= mar,
  title =        "10 Million Self-Driving Cars Will Hit The Road By 2020 -- Here's How To Profit",
  lastaccessed = "August 24, 2017",
  url =          "https://www.forbes.com/sites/oliviergarret/2017/03/03/10-million-self-driving-cars-will-hit-the-road-by-2020-heres-how-to-profit/#4107d5287e50",
}

@inproceedings{jindou2012access,
  title={Access control method for web of things based on role and SNS},
  author={Jindou, Jia and Xiaofeng, Qiu and Cheng, Cheng},
  booktitle={Computer and Information Technology (CIT), 2012 IEEE 12th International Conference on},
  pages={316--321},
  year={2012},
  organization={IEEE}
}

@inproceedings{kovatsch2012actinium,
  title={Actinium: A restful runtime container for scriptable internet of things applications},
  author={Kovatsch, Matthias and Lanter, Martin and Duquennoy, Simon},
  booktitle={Internet of Things (IOT), 2012 3rd International Conference on the},
  pages={135--142},
  year={2012},
  organization={IEEE}
}

@inproceedings{kovatsch2014californium,
  title={Californium: Scalable cloud services for the internet of things with coap},
  author={Kovatsch, Matthias and Lanter, Martin and Shelby, Zach},
  booktitle={Internet of Things (IOT), 2014 International Conference on the},
  pages={1--6},
  year={2014},
  organization={IEEE}
}

@inproceedings{ghosh2014jade,
  title={JADE: A unified programming framework for things, web, and cloud},
  author={Ghosh, Debashish and Jin, Fan and Maheswaran, Muthucumaru},
  booktitle={Internet of Things (IOT), 2014 International Conference on the},
  pages={73--78},
  year={2014},
  organization={IEEE}
}

@inproceedings{schaub2016drone,
  title={Drone-based Privacy Interfaces: Opportunities and Challenges},
  author={Schaub, Florian and Knierim, Pascal},
  booktitle={Twelfth Symposium on Usable Privacy and Security (SOUPS 2016)},
  year={2016},
  organization={USENIX Association}
}

@misc{drone,
  title = {CA Today, 10 companies that are using drones},
  key = {Drones},
  howpublished = {\url{https://www.icas.com/ca-today-news/10-companies-that-are-using-drones}},
  note = {Accessed: 2017-05-30}
}

@misc{warehouse,
  title = {Forbes news, Warehouse Management},
  key = {Warehouse Management},
  howpublished = {\url{https://www.forbes.com/sites/stevebanker/2016/01/11/robots-in-the-warehouse-its-not-just-amazon/#1dec438c40b8}},
  note = {Accessed: 2017-05-30}
}

@misc{uber,
  title = {CNBC, Uber news},
  key = {Uber news},
  howpublished = {\url{http://www.cnbc.com/2017/03/26/uber-self-driving-car-arizona-crash-suspended.html}},
  note = {Accessed: 2017-05-30}
}

@misc{tesla,
  title = {The Guardian, Tesla news},
  key = {Tesla news},
  howpublished = {\url{https://www.theguardian.com/technology/2016/jul/01/tesla-driver-killed-autopilot-self-driving-car-harry-potter}},
  note = {Accessed: 2017-05-30}
}

@misc{PrimeAir,
  title = {Amazon. Amazon PrimeAir},
  key = {Prime Air},
  howpublished = {\url{https://www.amazon.com/b?node=8037720011}},
  note = {Accessed: 2017-05-30}
}

@article{razzaque2016middleware,
  title={Middleware for internet of things: a survey},
  author={Razzaque, Mohammad Abdur and Milojevic-Jevric, Marija and Palade, Andrei and Clarke, Siobh{\'a}n},
  journal={IEEE Internet of Things Journal},
  volume={3},
  number={1},
  pages={70--95},
  year={2016},
  publisher={IEEE}
}

@article{roca2016emergent,
  title={Emergent Behaviors in the Internet of Things: The Ultimate Ultra-Large-Scale System},
  author={Roca, Damian and Nemirovsky, Daniel and Nemirovsky, Mario and Milito, Rodolfo and Valero, Mateo},
  journal={IEEE Micro},
  volume={36},
  number={6},
  pages={36--44},
  year={2016},
  publisher={IEEE}
}

@article{hrairi2010risk,
  title={Risk analysis factors of the emission in transportation a case study-Dubai Taxi},
  author={Hrairi, Meftah and Al-Kattan, Ibrahim and Al Ali, Yousif},
  year={2010}
}

@article{horl2016recent,
  title={Recent perspectives on the impact of autonomous vehicles},
  author={H{\"o}rl, Sebastian and Ciari, Francesco and Axhausen, Kay W},
  year={2016}
}

@article{brown2017social,
  title={The Social Life of Autonomous Cars},
  author={Brown, Barry},
  journal={Computer},
  volume={50},
  number={2},
  pages={92--96},
  year={2017},
  publisher={IEEE}
}

@incollection{engberts2016policing,
  title={Policing from Above: Drone Use by the Police},
  author={Engberts, Bart and Gillissen, Edo},
  booktitle={The Future of Drone Use},
  pages={93--113},
  year={2016},
  publisher={Springer}
}

@article{mueller2016we,
  title={We Need to Talk: V2X Promises to Prevent Crashes by Getting Vehicles to Talk to Each Other and Their Surroundings--But Standardization and Technological Issues Need to be Addressed to Maximize the Potential},
  author={Mueller, Max},
  journal={Vision Zero International},
  year={2016}
}

@Inbook{Misra2017,
author="Misra, Sridipta
and Maheswaran, Muthucumaru
and Hashmi, Salman",
title="System Model for the Internet of Things",
bookTitle="Security Challenges and Approaches in Internet of Things",
year="2017",
publisher="Springer International Publishing",
address="Cham",
pages="5--17",
isbn="978-3-319-44230-3",
doi="10.1007/978-3-319-44230-3_2",
url="http://dx.doi.org/10.1007/978-3-319-44230-3_2"
}

@ARTICLE{Perera2014, 
author={C. Perera and A. Zaslavsky and P. Christen and D. Georgakopoulos}, 
journal={IEEE Communications Surveys Tutorials}, 
title={Context Aware Computing for The Internet of Things: A Survey}, 
year={2014}, 
volume={16}, 
number={1}, 
pages={414-454},
ISSN={1553-877X}, 
month={First},}

@article{Fell2014,
  title={Roadmap for The Emerging ``Internet of Things''},
  author={Mark Fell},
  journal={Wite-paper},
  volume={},
  url =   {http://sweden.nlembassy.org/binaries/content/assets/postenweb/z/zweden/netherlands-embassy-in-stockholm/iot_roadmap_final_draft_0309145.pdf},
  year={2014},
  publisher={Carré & Strauss}
}

@ARTICLE{Stankovic2014,
author={J. A. Stankovic},
journal={IEEE Internet of Things Journal},
title={Research Directions for the Internet of Things},
year={2014},
volume={1},
number={1},
pages={3-9},
ISSN={2327-4662},
month={Feb},}

@article{jain1991art,
  title={The Art of Computer Systems Performance Analysis: techniques for experimental design, measurement, simulation, and modeling},
  author={Jain, Raj},
  year={1991},
  publisher={Wiley}
}

@article{Gubbi2013,
title = "Internet of Things (IoT): A vision, architectural elements, and future directions ",
journal = "Future Generation Computer Systems ",
volume = "29",
number = "7",
pages = "1645 - 1660",
year = "2013",
note = "Including Special sections: Cyber-enabled Distributed Computing for Ubiquitous Cloud and Network Services \&amp; Cloud Computing and Scientific Applications — Big Data, Scalable Analytics, and Beyond ",
issn = "0167-739X",
doi = "http://dx.doi.org/10.1016/j.future.2013.01.010",
url = "http://www.sciencedirect.com/science/article/pii/S0167739X13000241",
author = "Jayavardhana Gubbi and Rajkumar Buyya and Slaven Marusic and Marimuthu Palaniswami"
}

@article{Ouaddah2017,
title = "Access control in the Internet of Things: Big challenges and new opportunities ",
journal = "Computer Networks ",
volume = "112",
number = "",
pages = "237 - 262",
year = "2017",
note = "",
issn = "1389-1286",
doi = "http://dx.doi.org/10.1016/j.comnet.2016.11.007",
url = "http://www.sciencedirect.com/science/article/pii/S1389128616303735",
author = "Aafaf Ouaddah and Hajar Mousannif and Anas Abou Elkalam and Abdellah Ait Ouahman",
keywords = "Internet of Things",
keywords = "Security",
keywords = "Privacy",
keywords = "Access control "
}

@misc{BCMoT2017,
  title = {From BC Transportation Ministry website},
   key = {British Columbia Ministry of Transportation Website},
  howpublished = {\url{http://www.ticorp.ca/what-we-do/highway-operations-maintenance-and-intelligent-transportation-systems/}},
  note = {Accessed: March 4, 2017}
}

@INPROCEEDINGS{Ren2012, 
author={J. S. Ren and W. Wang and J. Wang and S. Liao}, 
booktitle={2012 15th International IEEE Conference on Intelligent Transportation Systems}, 
title={An unsupervised feature learning approach to improve automatic incident detection}, 
year={2012}, 
pages={172-177}, 
keywords={learning (artificial intelligence);pattern classification;traffic engineering computing;AID;DR;FAR;MTTD;automatic incident detection;contemporary transportation systems;detection rate;false alarm rate;feature mapping function;incident classification algorithms;incident classifiers;mean time to detect;real incident data;unsupervised feature learning approach;Classification algorithms;Detectors;Feature extraction;Learning systems;Machine learning algorithms;Support vector machines;Training}, 
doi={10.1109/ITSC.2012.6338621}, 
ISSN={2153-0009}, 
month={Sept},}

@ARTICLE{Wang2013, 
author={J. Wang and X. Li and S. S. Liao and Z. Hua}, 
journal={IEEE Transactions on Intelligent Transportation Systems}, 
title={A Hybrid Approach for Automatic Incident Detection}, 
year={2013}, 
volume={14}, 
number={3}, 
pages={1176-1185}, 
keywords={automated highways;fault diagnosis;learning (artificial intelligence);road traffic;time series;AID;DR;FAR;ITS;ML techniques;TSA;automatic incident detection;detection rate;false alarm rate;fault diagnosis theory;hybrid approach;intelligent transportation systems;machine learning techniques;normal traffic;real-time traffic;real-world data set;time series analysis;Automatic incident detection (AID);hybrid approach;machine learning (ML);time series analysis (TSA)}, 
doi={10.1109/TITS.2013.2255594}, 
ISSN={1524-9050}, 
month={Sept},}

@article{Zhang2016,
  author = {Yunpeng Zhang and  Xuqing Wu},
   key = {A survey for access control in the internet-of-things},
  title = {Access Control in Internet of Things: {A} Survey},
  journal = {CoRR},
  volume = {abs/1610.01065},
  year = {2016},
  url = {http://arxiv.org/abs/1610.01065},
  timestamp = {Wed, 02 Nov 2016 09:51:26 +0100},
  biburl = {http://dblp.uni-trier.de/rec/bib/journals/corr/ZhangW16d},
  bibsource = {dblp computer science bibliography, http://dblp.org}
}

@article{tan2016survey,
  title={Survey of Security Advances in Smart Grid: A Data Driven Approach},
  author={Tan, Song and De, Debraj and Song, Wen-Zhan and Yang, Junjie and Das, Sajal K},
  journal={IEEE Communications Surveys \& Tutorials},
  year={2016},
  publisher={IEEE}
}

@article{Sicari2015,
title = "Security, privacy and trust in Internet of Things: The road ahead ",
journal = "Computer Networks ",
volume = "76",
number = "",
pages = "146 - 164",
year = "2015",
note = "",
issn = "1389-1286",
doi = "http://dx.doi.org/10.1016/j.comnet.2014.11.008",
url = "http://www.sciencedirect.com/science/article/pii/S1389128614003971",
author = "S. Sicari and A. Rizzardi and L.A. Grieco and A. Coen-Porisini",
keywords = "Internet of Things",
keywords = "Security",
keywords = "Privacy",
keywords = "Trust "
}

@INPROCEEDINGS{Seitz2013, 
author={L. Seitz and G. Selander and C. Gehrmann}, 
booktitle={2013 IEEE 14th International Symposium on "A World of Wireless, Mobile and Multimedia Networks" (WoWMoM)}, 
title={Authorization framework for the Internet-of-Things}, 
year={2013}, 
pages={1-6}, 
keywords={Internet of Things;authorisation;IoT;authorization framework;constrained back-end servers;flexible access control;internet-of-things;message exchanges;performance requirements;processing costs;security;Authorization;Engines;Performance evaluation;Protocols;Public key;Access control;Assertions;Internet of Things}, 
doi={10.1109/WoWMoM.2013.6583465}, 
month={June},}

@Inbook{Kaiwen2014,
author={Kaiwen, Sun and Lihua, Yin},
title={Attribute-Role-Based Hybrid Access Control in the Internet of Things},
bookTitle={Web Technologies and Applications: APWeb 2014 Workshops, SNA, NIS, and IoTS, Changsha, China, September 5, 2014. Proceedings},
year={2014},
publisher={Springer International Publishing},
address={Cham},
pages={333--343},
url={http://dx.doi.org/10.1007/978-3-319-11119-3_31}
}

@INPROCEEDINGS{Kim2012, 
author={J. E. Kim and G. Boulos and J. Yackovich and T. Barth and C. Beckel and D. Mosse}, 
booktitle={2012 Eighth International Conference on Intelligent Environments}, 
title={Seamless Integration of Heterogeneous Devices and Access Control in Smart Homes}, 
year={2012}, 
pages={206-213}, 
keywords={Internet;Zigbee;home computing;open systems;protocols;software architecture;ubiquitous computing;Insteon;Internet;OSGi framework;UPnP;X10;ZigBee;access control;cloud services;embedded physical devices;heterogeneous devices;holistic extensible software architecture;home gateway;interoperability;smart homes;ubiquitous access;wireless protocols;Access control;Computer architecture;Logic gates;Protocols;Semantics;Smart homes;Zigbee;access control;interoperation;semantics;smart home}, 
doi={10.1109/IE.2012.57}, 
month={June},}

@article{Drozdowicz2016,
  title={Semantically Enriched Data Access Policies in eHealth},
  author={Drozdowicz, Micha{\l} and Ganzha, Maria and Paprzycki, Marcin},
  journal={Journal of medical systems},
  volume={40},
  number={11},
  pages={238},
  year={2016},
  publisher={Springer}
}

@INPROCEEDINGS{Fysarakis2014, 
author={K. Fysarakis and I. Papaefstathiou and C. Manifavas and K. Rantos and O. Sultatos}, 
booktitle={Proceedings of the 2014 IEEE Emerging Technology and Factory Automation (ETFA)}, 
title={Policy-based access control for DPWS-enabled ubiquitous devices}, 
year={2014}, 
pages={1-8}, 
keywords={Internet of Things;Web services;XML;authorisation;data privacy;embedded systems;DPWS-enabled ubiquitous devices;Devices Profile for Web Services;Internet of Things;XACML-based access control mechanisms;heterogeneous embedded devices;pervasive embedded systems;policy-based access control;privacy issues;resource-constraints;safety issues;smart devices;urban computing;Authorization;Computer architecture;Internet of Things;Performance evaluation;Web services;DPWS;XACML;access control;authorization;security;ubiquitous computing}, 
doi={10.1109/ETFA.2014.7005233}, 
ISSN={1946-0740}, 
month={Sept},}

@article{Bernabe2016,
  title={TACIoT: multidimensional trust-aware access control system for the Internet of Things},
  author={Bernabe, Jorge Bernal and Ramos, Jose Luis Hernandez and Gomez, Antonio F Skarmeta},
  journal={Soft Computing},
  volume={20},
  number={5},
  pages={1763--1779},
  year={2016},
  publisher={Springer}
}
 
@article{Lin2016,
  title={IoT Privacy and Security Challenges for Smart Home Environments},
  author={Lin, Huichen and Bergmann, Neil W},
  journal={Information},
  volume={7},
  number={3},
  pages={44},
  year={2016},
  publisher={Multidisciplinary Digital Publishing Institute}
}
 
@article{Stojkoska2017,
  title={A review of Internet of Things for smart home: Challenges and solutions},
  author={Stojkoska, Biljana L Risteska and Trivodaliev, Kire V},
  journal={Journal of Cleaner Production},
  volume={140},
  pages={1454--1464},
  year={2017},
  publisher={Elsevier}
}
 
 @inproceedings{Han2015,
  title={Security considerations for secure and trustworthy smart home system in the IoT environment},
  author={Han, Jin-Hee and Jeon, YongSung and Kim, JeongNyeo},
  booktitle={Information and Communication Technology Convergence (ICTC), 2015 International Conference on},
  pages={1116--1118},
  year={2015},
  organization={IEEE}
}
 
 @article{Hu2017,
  title={An Intelligent and Secure Health Monitoring Scheme Using IoT Sensor Based on Cloud Computing},
  author={Hu, Jin-Xin and Chen, Chin-Ling and Fan, Chun-Long and Wang, Kun-hao},
  journal={Journal of Sensors},
  volume={2017},
  year={2017},
  publisher={Hindawi Publishing Corporation}
}

@INPROCEEDINGS{Datta2014, 
author={S. K. Datta and C. Bonnet and N. Nikaein}, 
booktitle={2014 IEEE World Forum on Internet of Things (WF-IoT)}, 
title={An IoT gateway centric architecture to provide novel M2M services}, 
year={2014}, 
pages={514-519}, 
month={March},}

@ARTICLE{Vargas2016, 
author={D. C. Yacchirema Vargas and C. E. Palau Salvador}, 
journal={IEEE Latin America Transactions}, 
title={Smart IoT Gateway For Heterogeneous Devices Interoperability}, 
year={2016}, 
volume={14}, 
number={8}, 
pages={3900-3906}, 
keywords={Internet of Things;internetworking;Bluetooth;Ethernet;Internet of Things;Wi-Fi;ZigBee;active and healthy aging;heterogeneous devices interoperability;protocols;smart IoT gateway;Gateway;Interconnection;Internet of Things;Interoperability;MQTT}, 
doi={10.1109/TLA.2016.7786378}, 
ISSN={1548-0992}, 
month={Aug},}

@article{Nkenyereye2016,
  title={Performance Evaluation of Node. js for Web Service Gateway in IoT Remote Monitoring Applications},
  author={Nkenyereye, Lionel and Jang, Jong-Wook},
  journal={International Journal of Advanced Culture Technology (IJACT)},
  volume={4},
  number={3},
  pages={13--19},
  year={2016}
}

@article{Ali2017,
title = "Technologies and challenges in developing Machine-to-Machine applications: A survey ",
journal = "Journal of Network and Computer Applications ",
volume = "83",
number = "",
pages = "124 - 139",
year = "2017",
note = "",
issn = "1084-8045",
author = "Anum Ali and Ghalib A. Shah and Muhammad Omer Farooq and Usman Ghani",
keywords = "Machine-to-Machine (M2M) communication",
keywords = "M2M application development",
keywords = "M2M Challenges "
}

@inproceedings{Gerla2014,
  title={Internet of vehicles: From intelligent grid to autonomous cars and vehicular clouds},
  author={Gerla, Mario and Lee, Eun-Kyu and Pau, Giovanni and Lee, Uichin},
  booktitle={Internet of Things (WF-IoT), 2014 IEEE World Forum on},
  pages={241--246},
  year={2014},
  organization={IEEE}
}


@misc{XACMLdocument,
  title = {XACML document},
  key = {Extensible Access Control Markup Language Document},
  howpublished = {\url{ http://docs.oasis-open.org/xacml/3.0/xacml-3.0-core-spec-os-en.html/}},
  note = {Accessed:  March 5, 2017}
}

@misc{ExpatParser,
  title = {Expat parser for XML language files},
  key = {Expat XML Parser},
  howpublished = {\url{https://www.xml.com/}},
  note = {Accessed: Sept 05, 2017}
}
 
@inproceedings{Liang2016,
 author = {Liang, Chieh-Jan Mike and Bu, Lei and Li, Zhao and Zhang, Junbei and Han, Shi and Karlsson, B\"{o}rje F. and Zhang, Dongmei and Zhao, Feng},
 title = {Systematically Debugging IoT Control System Correctness for Building Automation},
 booktitle = {Proceedings of the 3rd ACM International Conference on Systems for Energy-Efficient Built Environments},
 series = {BuildSys '16},
 year = {2016},
 isbn = {978-1-4503-4264-3},
 location = {Palo Alto, CA, USA},
 pages = {133--142},
 numpages = {10},
 url = {http://doi.acm.org/10.1145/2993422.2993426},
 doi = {10.1145/2993422.2993426},
 acmid = {2993426},
 publisher = {ACM},
 address = {New York, NY, USA},
}

@inproceedings{Jazayeri2012tinysos,
  title={TinySOS: Design and implementation of interoperable and tiny web service for the internet of things},
  author={Jazayeri, Mohammad Ali and Huang, Chih-Yuan and Liang, Steve HL},
  booktitle={Proceedings of the First ACM SIGSPATIAL Workshop on Sensor Web Enablement},
  pages={39--46},
  year={2012},
  organization={ACM}
}

@article{madden2005tinydb,
  title={TinyDB: an acquisitional query processing system for sensor networks},
  author={Madden, Samuel R and Franklin, Michael J and Hellerstein, Joseph M and Hong, Wei},
  journal={ACM Transactions on database systems (TODS)},
  volume={30},
  number={1},
  pages={122--173},
  year={2005},
  publisher={ACM}
}

@article{trifa2009design,
  title={Design and implementation of a gateway for web-based interaction and management of embedded devices},
  author={Trifa, Vlad and Wieland, Samuel and Guinard, Dominique and Bohnert, Thomas Michael},
  journal={Submitted to DCOSS},
  pages={1--14},
  year={2009},
  publisher={Citeseer}
}

@misc{QNX,
  title = {QNX Company website},
  key = {QNX website},
  howpublished = {\url{ http://www.qnx.com/company/}},
  note = {Accessed: March 1, 2017}
}

@misc{BBB,
  title = {Beagle Bone Black website},
  key = {Beagle Bone Black},
  howpublished = {\url{ http://elinux.org/Beagleboard:BeagleBoneBlack}},
  note = {Accessed: March 1, 2017}
}

@misc{Wavetronix2016,
  title = {Wavetronix SmartSensor HD Data Protocol guide: Data provided by BC Transport Ministry by private correspondence},
  key = {Wavetronix manual},
  howpublished = {Internal correspondence},
  note = {correspondence date: August 2015}
}

@inproceedings{ostermaier2010real,
  title={A real-time search engine for the web of things},
  author={Ostermaier, Benedikt and R{\"o}mer, Kay and Mattern, Friedemann and Fahrmair, Michael and Kellerer, Wolfgang},
  booktitle={Internet of Things (IOT), 2010},
  pages={1--8},
  year={2010},
  organization={IEEE}
}

@inproceedings{trifa2010web,
  title={Web messaging for open and scalable distributed sensing applications},
  author={Trifa, Vlad and Guinard, Dominique and Davidovski, Vlatko and Kamilaris, Andreas and Delchev, Ivan},
  booktitle={International Conference on Web Engineering},
  pages={129--143},
  year={2010},
  organization={Springer}
}

@misc{Azure,
  title = {Azure subscription and service limits, quotas, and constraints.},
  key = {Azure info page},
  howpublished = {\url{https://docs.microsoft.com/en-us/azure/azure-subscription-service-limits}},
  note = {Accessed: March 10, 2017}
}

@misc{Libcfu,
  title = {A BSD open-source library written in C usually used for hashing resources with it.},
  key = {CFU Hash open-source library},
  howpublished = {\url{https://sourceforge.net/projects/libcfu/}},
  note = {Accessed: April 07, 2017}
}

@Misc{WavetronixSmartSensorHD,
  title = {{Wavetronix SmartSensor HD Data Protocol guide: Data provided by BC Transport Ministry by private correspondence in August 2016.}},
}

@article{Colitti2011,
  title={Integrating wireless sensor networks with the web},
  author={Colitti, Walter and Steenhaut, Kris and De Caro, Niccol{\`o}},
  journal={Extending the Internet to Low power and Lossy Networks (IP+ SN 2011)},
  year={2011}
}

@inproceedings{Issarny2016,
  title={Revisiting Service-Oriented Architecture for the IoT: A Middleware Perspective},
  author={Issarny, Val{\'e}rie and Bouloukakis, Georgios and Georgantas, Nikolaos and Billet, Benjamin},
  booktitle={International Conference on Service-Oriented Computing},
  pages={3--17},
  year={2016},
  organization={Springer}
}

@article{wang2010web,
  title={A web service based agent for resource-constrained devices},
  author={Wang, Xiaodong and Tao, Ye and Xu, Xiaowei and Yu, Zhongqing and Ding, Xiangqian},
  journal={JOURNAL OF INFORMATION \&COMPUTATIONAL SCIENCE},
  volume={7},
  number={12},
  pages={2443--2453},
  year={2010}
}

@inproceedings{qin2011,
  title={RestThing: A Restful Web service infrastructure for mash-up physical and Web resources},
  author={Qin, Weijun and Li, Qiang and Sun, Limin and Zhu, Hongsong and Liu, Yan},
  booktitle={Embedded and Ubiquitous Computing (EUC), 2011 IFIP 9th International Conference on},
  pages={197--204},
  year={2011},
  organization={IEEE}
}

@phdthesis{wieland2009,
  title={Design and implementation of a gateway for web-based interaction and management of embedded devices},
  author={Wieland, Samuel},
  year={2009},
  school={ETH, Eidgen{\"o}ssische Technische Hochschule Z{\"u}rich, Institute for Pervasive Computing}
}

@incollection{guinard2011internet,
  title={From the internet of things to the web of things: Resource-oriented architecture and best practices},
  author={Guinard, Dominique and Trifa, Vlad and Mattern, Friedemann and Wilde, Erik},
  booktitle={Architecting the Internet of things},
  pages={97--129},
  year={2011},
  publisher={Springer}
}

@inproceedings{guinard2010towards,
  title={Towards opportunistic applications in a Web of Things},
  author={Guinard, Dominique},
  booktitle={Pervasive Computing and Communications Workshops (PERCOM Workshops), 2010 8th IEEE International Conference on},
  pages={863--864},
  year={2010},
  organization={IEEE}
}

@phdthesis{kelly2013design,
  title={Design and implementation of Internet of Things for home environment: a thesis presented in partial fulfilment of the requirements for the degree of Master of Engineering in Electronics and Computer Systems Engineering at Massey University, Manawatu, New Zealand},
  author={Kelly, Sean},
  year={2013},
  school={Massey University}
}

@article{jazayeri2015implementation,
  title={Implementation and evaluation of four interoperable open standards for the Internet of Things},
  author={Jazayeri, Mohammad Ali and Liang, Steve HL and Huang, Chih-Yuan},
  journal={Sensors},
  volume={15},
  number={9},
  pages={24343--24373},
  year={2015},
  publisher={Multidisciplinary Digital Publishing Institute}
}

@inproceedings{mahalle2013fuzzy,
  title={A fuzzy approach to trust based access control in internet of things},
  author={Mahalle, Parikshit N and Thakre, Pravin A and Prasad, Neeli Rashmi and Prasad, Ramjee},
  booktitle={Wireless Communications, Vehicular Technology, Information Theory and Aerospace \& Electronic Systems (VITAE), 2013 3rd International Conference on},
  pages={1--5},
  year={2013},
  organization={IEEE}
}

@article{hernandez2013distributed,
  title={Distributed capability-based access control for the internet of things},
  author={Hern{\'a}ndez-Ramos, Jos{\'e} L and Jara, Antonio J and Marin, Leandro and Skarmeta, Antonio F},
  journal={Journal of Internet Services and Information Security (JISIS)},
  volume={3},
  number={3/4},
  pages={1--16},
  year={2013}
}

@article{rigazzi2017optimized,
  title={Optimized Certificate Revocation List Distribution for Secure V2X Communications},
  author={Rigazzi, Giovanni and Tassi, Andrea and Piechocki, Robert J and Tryfonas, Theo and Nix, Andrew},
  journal={arXiv preprint arXiv:1705.06903},
  year={2017}
}

@inproceedings{lorch2003first,
  title={First experiences using XACML for access control in distributed systems},
  author={Lorch, Markus and Proctor, Seth and Lepro, Rebekah and Kafura, Dennis and Shah, Sumit},
  booktitle={Proceedings of the 2003 ACM workshop on XML security},
  pages={25--37},
  year={2003},
  organization={ACM}
}

@inproceedings{das2016context,
  title={Context-Sensitive Policy Based Security in Internet of Things},
  author={Das, Prajit Kumar and Narayanan, Sandeep and Sharma, Nitin Kumar and Joshi, Anupam and Joshi, Karuna and Finin, Tim},
  booktitle={Smart Computing (SMARTCOMP), 2016 IEEE International Conference on},
  pages={1--6},
  year={2016},
  organization={IEEE}
}

@inproceedings{li2010overview,
  title={An overview of the DSRC/WAVE technology},
  author={Li, Yunxin Jeff},
  booktitle={International Conference on Heterogeneous Networking for Quality, Reliability, Security and Robustness},
  pages={544--558},
  year={2010},
  organization={Springer}
}

@inproceedings{domin2016security,
  title={Security Analysis of the Drone Communication Protocol: Fuzzing the MAVLink protocol},
  author={Domin, Karel and Marin, Eduard and Symeonidis, Iraklis},
  booktitle={Proceedings of the 37th Symposium on Information Theory in the Benelux},
  year={2016},
  organization={Werkgemeenschap voor Informatie-en Communicatietheorie}
}


@article{altawy2016security,
  title={Security, Privacy, and Safety Aspects of Civilian Drones: A Survey},
  author={Altawy, Riham and Youssef, Amr M},
  journal={ACM Transactions on Cyber-Physical Systems},
  volume={1},
  number={2},
  pages={7},
  year={2016},
  publisher={ACM}
}


@inproceedings{amin2009novel,
  title={A novel coding scheme to implement signature based IDS in IP based Sensor Networks},
  author={Amin, Syed Obaid and Siddiqui, Muhammad Shoaib and Hong, Choong Seon and Choe, Jongwon},
  booktitle={Integrated Network Management-Workshops, 2009. IM'09. IFIP/IEEE International Symposium on},
  pages={269--274},
  year={2009},
  organization={IEEE}
}

@inproceedings{kasinathan2013ids,
  title={An IDS framework for internet of things empowered by 6LoWPAN},
  author={Kasinathan, Prabhakaran and Costamagna, Gianfranco and Khaleel, Hussein and Pastrone, Claudio and Spirito, Maurizio A},
  booktitle={Proceedings of the 2013 ACM SIGSAC conference on Computer \& communications security},
  pages={1337--1340},
  year={2013},
  organization={ACM}
}

@article{hu2009simple,
  title={A simple and efficient hidden Markov model scheme for host-based anomaly intrusion detection},
  author={Hu, Jiankun and Yu, Xinghuo and Qiu, Dong and Chen, Hsiao-Hwa},
  journal={IEEE network},
  volume={23},
  number={1},
  pages={42--47},
  year={2009},
  publisher={IEEE}
}

@inproceedings{hu2003robust,
  title={Robust Support Vector Machines for Anomaly Detection in Computer Security.},
  author={Hu, Wenjie and Liao, Yihua and Vemuri, V Rao},
  booktitle={ICMLA},
  pages={168--174},
  year={2003}
}

@inproceedings{ahmed2009host,
  title={Host based intrusion detection using RBF neural networks},
  author={Ahmed, Usman and Masood, Asif},
  booktitle={Emerging Technologies, 2009. ICET 2009. International Conference on},
  pages={48--51},
  year={2009},
  organization={IEEE}
}

@inproceedings{abbasi2014anomaly,
  title={Anomaly detection in embedded systems using simultaneous power and temperature monitoring},
  author={Abbasi, Zeinab and Kargahi, Mehdi and Mohaqeqi, Morteza},
  booktitle={Information Security and Cryptology (ISCISC), 2014 11th International ISC Conference on},
  pages={115--119},
  year={2014},
  organization={IEEE}
}

@inproceedings{nobakht2016host,
  title={A Host-Based Intrusion Detection and Mitigation Framework for Smart Home IoT Using OpenFlow},
  author={Nobakht, Mehdi and Sivaraman, Vijay and Boreli, Roksana},
  booktitle={Availability, Reliability and Security (ARES), 2016 11th International Conference on},
  pages={147--156},
  year={2016},
  organization={IEEE}
}


@inproceedings{sedjelmaci2016lightweight,
  title={A lightweight anomaly detection technique for low-resource IoT devices: a game-theoretic methodology},
  author={Sedjelmaci, Hichem and Senouci, Sidi Mohammed and Al-Bahri, Mohamad},
  booktitle={Communications (ICC), 2016 IEEE International Conference on},
  pages={1--6},
  year={2016},
  organization={IEEE}
}

@article{lu2017motor,
  title={Motor anomaly detection for unmanned aerial vehicles using reinforcement learning},
  author={Lu, Huimin and Li, Yujie and Mu, Shenglin and Wang, Dong and Kim, Hyoungseop and Serikawa, Seiichi},
  journal={IEEE Internet of Things Journal},
  year={2017},
  publisher={IEEE}
}

@article{birnbaum2016unmanned,
  title={Unmanned aerial vehicle security using recursive parameter estimation},
  author={Birnbaum, Zachary and Dolgikh, Andrey and Skormin, Victor and O’Brien, Edward and Muller, Daniel and Stracquodaine, Christina},
  journal={Journal of Intelligent \& Robotic Systems},
  volume={84},
  number={1-4},
  pages={107--120},
  year={2016},
  publisher={Springer}
}

@inproceedings{birnbaum2015unmanned,
  title={Unmanned aerial vehicle security using behavioral profiling},
  author={Birnbaum, Zachary and Dolgikh, Andrey and Skormin, Victor and O'Brien, Edward and Muller, Daniel and Stracquodaine, Christina},
  booktitle={Unmanned Aircraft Systems (ICUAS), 2015 International Conference on},
  pages={1310--1319},
  year={2015},
  organization={IEEE}
}

@inproceedings{berthier2011specification,
  title={Specification-based intrusion detection for advanced metering infrastructures},
  author={Berthier, Robin and Sanders, William H},
  booktitle={Dependable Computing (PRDC), 2011 IEEE 17th Pacific Rim International Symposium on},
  pages={184--193},
  year={2011},
  organization={IEEE}
}


@inproceedings{mitchell2012specification,
  title={Specification based intrusion detection for unmanned aircraft systems},
  author={Mitchell, Robert and Chen, Ing-Ray},
  booktitle={Proceedings of the first ACM MobiHoc workshop on Airborne Networks and Communications},
  pages={31--36},
  year={2012},
  organization={ACM}
}

@article{mitchell2014adaptive,
  title={Adaptive intrusion detection of malicious unmanned air vehicles using behavior rule specifications},
  author={Mitchell, Robert and Chen, Ray},
  journal={IEEE Transactions on Systems, Man, and Cybernetics: Systems},
  volume={44},
  number={5},
  pages={593--604},
  year={2014},
  publisher={IEEE}
}

@inproceedings{tabrizi2015intrusion,
  title={Intrusion Detection System for Embedded Systems},
  author={Tabrizi, Farid Molazem and Pattabiraman, Karthik},
  booktitle={Proceedings of the Doctoral Symposium of the 16th International Middleware Conference},
  pages={9},
  year={2015},
  organization={ACM}
}

@article{ernst2007daikon,
  title={The Daikon system for dynamic detection of likely invariants},
  author={Ernst, Michael D and Perkins, Jeff H and Guo, Philip J and McCamant, Stephen and Pacheco, Carlos and Tschantz, Matthew S and Xiao, Chen},
  journal={Science of Computer Programming},
  volume={69},
  number={1},
  pages={35--45},
  year={2007},
  publisher={Elsevier}
}

@article{smaragdakisdysy,
  title={DySy: Dynamic Symbolic Execution for Invariant Inference},
  author={Smaragdakis, C Csallner--N Tillmann--Y}
}

@inproceedings{lemieux2015general,
  title={General ltl specification mining (t)},
  author={Lemieux, Caroline and Park, Dennis and Beschastnikh, Ivan},
  booktitle={Automated Software Engineering (ASE), 2015 30th IEEE/ACM International Conference on},
  pages={81--92},
  year={2015},
  organization={IEEE}
}

@inproceedings{yang2006perracotta,
  title={Perracotta: mining temporal API rules from imperfect traces},
  author={Yang, Jinlin and Evans, David and Bhardwaj, Deepali and Bhat, Thirumalesh and Das, Manuvir},
  booktitle={Proceedings of the 28th international conference on Software engineering},
  pages={282--291},
  year={2006},
  organization={ACM}
}

@inproceedings{yang2004dynamically,
  title={Dynamically inferring temporal properties},
  author={Yang, Jinlin and Evans, David},
  booktitle={Proceedings of the 5th ACM SIGPLAN-SIGSOFT workshop on Program analysis for software tools and engineering},
  pages={23--28},
  year={2004},
  organization={ACM}
}

@inproceedings{gabel2008javert,
  title={Javert: fully automatic mining of general temporal properties from dynamic traces},
  author={Gabel, Mark and Su, Zhendong},
  booktitle={Proceedings of the 16th ACM SIGSOFT International Symposium on Foundations of software engineering},
  pages={339--349},
  year={2008},
  organization={ACM}
}


@inproceedings{gabel2010online,
  title={Online inference and enforcement of temporal properties},
  author={Gabel, Mark and Su, Zhendong},
  booktitle={Proceedings of the 32nd ACM/IEEE International Conference on Software Engineering-Volume 1},
  pages={15--24},
  year={2010},
  organization={ACM}
}

@article{aliabadi2017artinali,
  title={ARTINALI: Dynamic Invariant Detection for Cyber-Physical System Security},
  author={Aliabadi, Maryam Raiyat and Kamath, Amita Ajith and Gascon-Samson, Julien and Pattabiraman, Karthik},
  year={2017}
}

@inproceedings{paul2011invariants,
  title={Invariants as a unified knowledge model for cyber-physical systems},
  author={Paul, Tamal and Kimball, Jonathan W and Zawodniok, Maciej and Roth, Thomas P and McMillin, Bruce},
  booktitle={Service-Oriented Computing and Applications (SOCA), 2011 IEEE International Conference on},
  pages={1--8},
  year={2011},
  organization={IEEE}
}


@article{paul2014unified,
  title={Unified invariants for cyber-physical switched system stability},
  author={Paul, Tamal and Kimball, Jonathan W and Zawodniok, Maciej and Roth, Thomas P and McMillin, Bruce and Chellappan, Sriram},
  journal={IEEE Transactions on Smart Grid},
  volume={5},
  number={1},
  pages={112--120},
  year={2014},
  publisher={IEEE}
}


@inproceedings{tabrizi2016formal,
  title={Formal security analysis of smart embedded systems},
  author={Tabrizi, Farid Molazem and Pattabiraman, Karthik},
  booktitle={Proceedings of the 32nd Annual Conference on Computer Security Applications},
  pages={1--15},
  year={2016},
  organization={ACM}
}

@inproceedings{baliga2008automatic,
  title={Automatic inference and enforcement of kernel data structure invariants},
  author={Baliga, Arati and Ganapathy, Vinod and Iftode, Liviu},
  booktitle={Computer Security Applications Conference, 2008. ACSAC 2008. Annual},
  pages={77--86},
  year={2008},
  organization={IEEE}
}

@article{baliga2011detecting,
  title={Detecting kernel-level rootkits using data structure invariants},
  author={Baliga, Arati and Ganapathy, Vinod and Iftode, Liviu},
  journal={IEEE Transactions on Dependable and Secure Computing},
  volume={8},
  number={5},
  pages={670--684},
  year={2011},
  publisher={IEEE}
}

@article{csallner2008dsd,
  title={DSD-Crasher: A hybrid analysis tool for bug finding},
  author={Csallner, Christoph and Smaragdakis, Yannis and Xie, Tao},
  journal={ACM Transactions on Software Engineering and Methodology (TOSEM)},
  volume={17},
  number={2},
  pages={8},
  year={2008},
  publisher={ACM}
}


@inproceedings{beschastnikh2011leveraging,
  title={Leveraging existing instrumentation to automatically infer invariant-constrained models},
  author={Beschastnikh, Ivan and Brun, Yuriy and Schneider, Sigurd and Sloan, Michael and Ernst, Michael D},
  booktitle={Proceedings of the 19th ACM SIGSOFT symposium and the 13th European conference on Foundations of software engineering},
  pages={267--277},
  year={2011},
  organization={ACM}
}


@article{khurshid2012veriflow,
  title={Veriflow: Verifying network-wide invariants in real time},
  author={Khurshid, Ahmed and Zhou, Wenxuan and Caesar, Matthew and Godfrey, P},
  journal={ACM SIGCOMM Computer Communication Review},
  volume={42},
  number={4},
  pages={467--472},
  year={2012},
  publisher={ACM}
}

@inproceedings{hangal2005iodine,
  title={IODINE: a tool to automatically infer dynamic invariants for hardware designs},
  author={Hangal, Sudheendra and Chandra, Naveen and Narayanan, Sridhar and Chakravorty, Sandeep},
  booktitle={Proceedings of the 42nd annual Design Automation Conference},
  pages={775--778},
  year={2005},
  organization={ACM}
}

@inproceedings{waksman2010tamper,
  title={Tamper evident microprocessors},
  author={Waksman, Adam and Sethumadhavan, Simha},
  booktitle={Security and Privacy (SP), 2010 IEEE Symposium on},
  pages={173--188},
  year={2010},
  organization={IEEE}
}

@article{chen2018learning,
  title={Learning from Mutants: Using Code Mutation to Learn and Monitor Invariants of a Cyber-Physical System},
  author={Chen, Yuqi and Poskitt, Christopher M and Sun, Jun},
  journal={arXiv preprint arXiv:1801.00903},
  year={2018}
}

@inproceedings{sen2004statistical,
  title={Statistical model checking of black-box probabilistic systems},
  author={Sen, Koushik and Viswanathan, Mahesh and Agha, Gul},
  booktitle={CAV},
  volume={3114},
  pages={202--215},
  year={2004},
  organization={Springer}
}

@inproceedings{vasudevan2010goldmine,
  title={Goldmine: Automatic assertion generation using data mining and static analysis},
  author={Vasudevan, Shobha and Sheridan, David and Patel, Sanjay and Tcheng, David and Tuohy, Bill and Johnson, Daniel},
  booktitle={Proceedings of the conference on Design, automation and test in Europe},
  pages={626--629},
  year={2010},
  organization={European Design and Automation Association}
}

@inproceedings{adepu2016using,
  title={Using process invariants to detect cyber attacks on a water treatment system},
  author={Adepu, Sridhar and Mathur, Aditya},
  booktitle={IFIP International Information Security and Privacy Conference},
  pages={91--104},
  year={2016},
  organization={Springer}
}

@article{skopik2012survey,
  title={A survey on threats and vulnerabilities in smart metering infrastructures},
  author={Skopik, Florian and Ma, Zhendong and Bleier, Thomas and Gr{\"u}neis, Helmut},
  journal={International Journal of Smart Grid and Clean Energy},
  volume={1},
  number={1},
  pages={22--28},
  year={2012}
}

@article{leavitt2010researchers,
  title={Researchers fight to keep implanted medical devices safe from hackers},
  author={Leavitt, Neal},
  journal={Computer},
  volume={43},
  number={8},
  pages={11--14},
  year={2010},
  publisher={IEEE}
}

@inproceedings{radcliffe2011hacking,
  title={Hacking medical devices for fun and insulin: Breaking the human SCADA system},
  author={Radcliffe, Jerome},
  booktitle={Black Hat Conference presentation slides},
  volume={2011},
  year={2011}
}

@inproceedings{choudhari2013stability,
  title={Stability of a cyber-physical smart grid system using cooperating invariants},
  author={Choudhari, Ashish and Ramaprasad, Harini and Paul, Tamal and Kimball, Jonathan W and Zawodniok, Maciej and McMillin, Bruce and Chellappan, Sriram},
  booktitle={Computer Software and Applications Conference (COMPSAC), 2013 IEEE 37th Annual},
  pages={760--769},
  year={2013},
  organization={IEEE}
}

@inproceedings{zohrevand2016hidden,
  title={Hidden Markov based anomaly detection for water supply systems},
  author={Zohrevand, Zahra and Glasser, Uwe and Shahir, Hamed Yaghoubi and Tayebi, Mohammad A and Costanzo, Robert},
  booktitle={Big Data (Big Data), 2016 IEEE International Conference on},
  pages={1551--1560},
  year={2016},
  organization={IEEE}
}

@misc{OpenAPS,
  title = {Dana Lewis. 2015. Introducing the# OpenAPS project},
  key = {Open APS},
  howpublished = {\url{https://openaps.org/2015/02/04/introducing-the-openaps-project/}},
  note = {Accessed: May 13, 2018}
}

@misc{ArdupilotSITL,
  title = {Ardupilot Software in the Loop},
  key = {Ardupilot SITL},
  howpublished = {\url{http://ardupilot.org/dev/docs/sitl-simulator-software-in-the-loop.html}},
  note = {Accessed: May 13, 2018}
}

@inproceedings{urbina2016limiting,
  title={Limiting the impact of stealthy attacks on industrial control systems},
  author={Urbina, David I and Giraldo, Jairo A and Cardenas, Alvaro A and Tippenhauer, Nils Ole and Valente, Junia and Faisal, Mustafa and Ruths, Justin and Candell, Richard and Sandberg, Henrik},
  booktitle={Proceedings of the 2016 ACM SIGSAC Conference on Computer and Communications Security},
  pages={1092--1105},
  year={2016},
  organization={ACM}
}


@article{ferrer2000influence,
  title={Influence of initialisation and stop criteria on HMM based recognisers},
  author={Ferrer, MA and Alonso, IG and Travieso, CM},
  journal={Electronics Letters},
  volume={36},
  number={13},
  pages={1165--1166},
  year={2000},
  publisher={IET}
}

@article{eddy1996hidden,
  title={Hidden markov models},
  author={Eddy, Sean R},
  journal={Current opinion in structural biology},
  volume={6},
  number={3},
  pages={361--365},
  year={1996},
  publisher={Elsevier}
}

@article{lu2015towards,
  title={Towards a framework for assuring cyber physical system security},
  author={Lu, Tianbo and Zhao, Jinyang and Zhao, Lingling and Li, Yang and Zhang, Xiaoyan},
  journal={Int. J. Security Appl.},
  volume={9},
  number={3},
  pages={25--40},
  year={2015}
}

@article{mitchell2015behavior,
  title={Behavior rule specification-based intrusion detection for safety critical medical cyber physical systems},
  author={Mitchell, Robert and Chen, Ray},
  journal={IEEE Transactions on Dependable and Secure Computing},
  volume={12},
  number={1},
  pages={16--30},
  year={2015},
  publisher={IEEE}
}

@inproceedings{bernieri2016testbed,
  title={A testbed for integrated fault diagnosis and cyber security investigation},
  author={Bernieri, Giuseppe and Del Moro, Fabio and Faramondi, Luca and Pascucci, Federica},
  booktitle={Control, Decision and Information Technologies (CoDIT), 2016 International Conference on},
  pages={454--459},
  year={2016},
  organization={IEEE}
}

@article{ericsson2010cyber,
  title={Cyber security and power system communication—essential parts of a smart grid infrastructure},
  author={Ericsson, G{\"o}ran N},
  journal={IEEE Transactions on Power Delivery},
  volume={25},
  number={3},
  pages={1501--1507},
  year={2010},
  publisher={IEEE}
}

@inproceedings{krotofil2015process,
	title={The process matters: Ensuring data veracity in cyber-physical systems},
	author={Krotofil, Marina and Larsen, Jason and Gollmann, Dieter},
	booktitle={Proceedings of the 10th ACM Symposium on Information, Computer and Communications Security},
	pages={133--144},
	year={2015},
	organization={ACM}
}

@article{iturbe2017feasibility,
	title={On the feasibility of distinguishing between process disturbances and intrusions in process control systems using multivariate statistical process control},
	author={Iturbe, Mikel and Camacho, Jos{\'e} and Garitano, Inaki and Zurutuza, Urko and Uribeetxeberria, Roberto},
	journal={arXiv preprint arXiv:1706.01679},
	year={2017}
}


@inproceedings{csallner2008dysy,
	title={DySy: Dynamic symbolic execution for invariant inference},
	author={Csallner, Christoph and Tillmann, Nikolai and Smaragdakis, Yannis},
	booktitle={Proceedings of the 30th international conference on Software engineering},
	pages={281--290},
	year={2008},
	organization={ACM}
}

@inproceedings{mitchell2012specification,
	title={Specification based intrusion detection for unmanned aircraft systems},
	author={Mitchell, Robert and Chen, Ing-Ray},
	booktitle={Proceedings of the first ACM MobiHoc workshop on Airborne Networks and Communications},
	pages={31--36},
	year={2012},
	organization={ACM}
}

@inproceedings{javaid2012cyber,
	title={Cyber security threat analysis and modeling of an unmanned aerial vehicle system},
	author={Javaid, Ahmad Y and Sun, Weiqing and Devabhaktuni, Vijay K and Alam, Mansoor},
	booktitle={Homeland Security (HST), 2012 IEEE Conference on Technologies for},
	pages={585--590},
	year={2012},
	organization={IEEE}
}

@inproceedings{pleban2014hacking,
	title={Hacking and securing the AR. Drone 2.0 quadcopter: investigations for improving the security of a toy},
	author={Pleban, Johann-Sebastian and Band, Ricardo and Creutzburg, Reiner},
	booktitle={Mobile Devices and Multimedia: Enabling Technologies, Algorithms, and Applications 2014},
	volume={9030},
	pages={90300L},
	year={2014},
	organization={International Society for Optics and Photonics}
}

@inproceedings{rodday2016exploring,
	title={Exploring security vulnerabilities of unmanned aerial vehicles},
	author={Rodday, Nils Miro and Schmidt, Ricardo de O and Pras, Aiko},
	booktitle={Network Operations and Management Symposium (NOMS), 2016 IEEE/IFIP},
	pages={993--994},
	year={2016},
	organization={IEEE}
}

@inproceedings{karnouskos2011cyber,
	title={Cyber-physical systems in the smartgrid},
	author={Karnouskos, Stamatis},
	booktitle={2011 9th IEEE International Conference on Industrial Informatics},
	pages={20--23},
	year={2011},
	organization={IEEE}
}

@inproceedings{checkoway2011comprehensive,
	title={Comprehensive experimental analyses of automotive attack surfaces.},
	author={Checkoway, Stephen and McCoy, Damon and Kantor, Brian and Anderson, Danny and Shacham, Hovav and Savage, Stefan and Koscher, Karl and Czeskis, Alexei and Roesner, Franziska and Kohno, Tadayoshi and others},
	booktitle={USENIX Security Symposium},
	volume={4},
	year={2011},
	organization={San Francisco}
}


@inproceedings{javaid2012cyber,
	title={Cyber security threat analysis and modeling of an unmanned aerial vehicle system},
	author={Javaid, Ahmad Y and Sun, Weiqing and Devabhaktuni, Vijay K and Alam, Mansoor},
	booktitle={2012 IEEE Conference on Technologies for Homeland Security (HST)},
	pages={585--590},
	year={2012},
	organization={IEEE}
}

@article{ericsson2010cyber,
	title={Cyber security and power system communication—essential parts of a smart grid infrastructure},
	author={Ericsson, G{\"o}ran N},
	journal={IEEE Transactions on Power Delivery},
	volume={25},
	number={3},
	pages={1501--1507},
	year={2010},
	publisher={IEEE}
}

@article{yang2014vehicle,
	title={In-vehicle technology for self-driving cars: Advantages and challenges for aging drivers},
	author={Yang, J and Coughlin, JF},
	journal={International Journal of Automotive Technology},
	volume={15},
	number={2},
	pages={333--340},
	year={2014},
	publisher={Springer}
}

@inproceedings{mohammed2014uavs,
	title={UAVs for smart cities: Opportunities and challenges},
	author={Mohammed, Farhan and Idries, Ahmed and Mohamed, Nader and Al-Jaroodi, Jameela and Jawhar, Imad},
	booktitle={2014 International Conference on Unmanned Aircraft Systems (ICUAS)},
	pages={267--273},
	year={2014},
	organization={IEEE}
}

@article{liu2012cyber,
	title={Cyber security and privacy issues in smart grids},
	author={Liu, Jing and Xiao, Yang and Li, Shuhui and Liang, Wei and Chen, CL Philip},
	journal={IEEE Communications Surveys \& Tutorials},
	volume={14},
	number={4},
	pages={981--997},
	year={2012},
	publisher={IEEE}
}

@article{woo2015practical,
	title={A practical wireless attack on the connected car and security protocol for in-vehicle CAN},
	author={Woo, Samuel and Jo, Hyo Jin and Lee, Dong Hoon},
	journal={IEEE Transactions on intelligent transportation systems},
	volume={16},
	number={2},
	pages={993--1006},
	year={2015},
	publisher={IEEE}
}

@inproceedings{aliabadi2016fidl,
	title={FIDL: A Fault Injection Description Language for Compiler-Based SFI Tools},
	author={Aliabadi, Maryam Raiyat and Pattabiraman, Karthik},
	booktitle={International Conference on Computer Safety, Reliability, and Security},
	pages={12--23},
	year={2016},
	organization={Springer}
}

@inproceedings{alemzadeh2016targeted,
	title={Targeted attacks on teleoperated surgical robots: Dynamic model-based detection and mitigation},
	author={Alemzadeh, Homa and Chen, Daniel and Li, Xiao and Kesavadas, Thenkurussi and Kalbarczyk, Zbigniew T and Iyer, Ravishankar K},
	booktitle={2016 46th Annual IEEE/IFIP International Conference on Dependable Systems and Networks (DSN)},
	pages={395--406},
	year={2016},
	organization={IEEE}
}

@inproceedings{davanian2017diversity,
	title={Diversity: A Poor Man's Solution to Drone Takeover.},
	author={Davanian, Ali and Massacci, Fabio and Allodi, Luca},
	booktitle={PECCS},
	pages={25--34},
	year={2017}
}

@article{tan2008hidden,
	title={Hidden semi-Markov model for anomaly detection},
	author={Tan, Xiaobin and Xi, Hongsheng},
	journal={Applied Mathematics and Computation},
	volume={205},
	number={2},
	pages={562--567},
	year={2008},
	publisher={Elsevier}
}

@article{jadhav2011anomaly,
	title={ANOMALY DETECTION ON USER BROWSING BEHAVIORS FOR PREVENTION APP\_DDOS},
	author={Jadhav, Vidya and Devale, Prakash},
	journal={International Journal of Advances in Engineering \& Technology},
	volume={1},
	number={5},
	pages={492},
	year={2011},
	publisher={Citeseer}
}

@inproceedings{seshadri2005pioneer,
	title={Pioneer: verifying code integrity and enforcing untampered code execution on legacy systems},
	author={Seshadri, Arvind and Luk, Mark and Shi, Elaine and Perrig, Adrian and Van Doorn, Leendert and Khosla, Pradeep},
	booktitle={ACM SIGOPS Operating Systems Review},
	volume={39},
	number={5},
	pages={1--16},
	year={2005},
	organization={ACM}
}
